@article{Start2020,
mendeley-groups = {Thesis},
number = {777533},
pages = {1--163},
title = {{PROviding Computing solutions for ExaScale ChallengeS}},
year = {2020}
}
@article{Spreeuw2019,
author = {Spreeuw, Hanno and Madougou, Souley and Haren, Ronald Van and Weel, Berend and Belloum, Adam and Maassen, Jason},
doi = {10.1109/eScience.2019.00061},
file = {:D$\backslash$:/Master{\_}Study/Thesis/Master-thesis-project/Literature/Unlocking the LOFAR LTA.pdf:pdf},
isbn = {9781728124513},
mendeley-groups = {Thesis},
pages = {467--470},
title = {{Unlocking the LOFAR LTA}},
year = {2019}
}
