@article{Start2020,
mendeley-groups = {Thesis},
number = {777533},
pages = {1--163},
title = {{PROviding Computing solutions for ExaScale ChallengeS}},
year = {2020}
}
