@article{Start2020,
author = {Start, P U and Nature, Months and Date, Due and Package, Work},
mendeley-groups = {Thesis},
number = {777533},
pages = {1--163},
title = {{PROviding Computing solutions for ExaScale ChallengeS}},
year = {2020}
}
