@article{Start2020,
author = {Start, P U and Nature, Months and Date, Due and Package, Work},
file = {:D$\backslash$:/Master{\_}Study/Thesis/Master-thesis-project/Literature/PUBLIC{\_}PROCESS{\_}D4.1{\_}Initial{\_}-state{\_}of{\_}the{\_}art{\_}and{\_}requirement{\_}analysis{\_}initial{\_}PROCESS{\_}architecture{\_}v1-1.pdf:pdf},
mendeley-groups = {Thesis},
number = {777533},
pages = {1--163},
title = {{PROviding Computing solutions for ExaScale ChallengeS}},
year = {2020}
}
